<record xmlns:xsi="http://www.w3.org/2001/XMLSchema-instance" xmlns="http://www.loc.gov/MARC21/slim" xsi:schemaLocation="http://www.loc.gov/MARC21/slim http://www.loc.gov/standards/marcxml/schema/MARC21slim.xsd">

  <leader>00495nam a2200145Ia 4500</leader>
  <datafield ind1=" " ind2=" " tag="999">
    <subfield code="c">1334</subfield>
    <subfield code="d">1334</subfield>
  </datafield>
  <controlfield tag="008">170613b2003    bl ||||| |||| 00| | spa d</controlfield>
  <datafield ind1=" " tag="090" ind2=" ">
    <subfield code="a">05.02.01 </subfield>
    <subfield code="b">445</subfield>
  </datafield>
  <datafield ind2=" " tag="110" ind1="1">
    <subfield code="9">1248</subfield>
    <subfield code="a">UNESCO</subfield>
  </datafield>
  <datafield tag="245" ind2="0" ind1="1">
    <subfield code="a">Declaracion universal de la UNESCO sobre la diversidad cultural</subfield>
  </datafield>
  <datafield ind1=" " tag="260" ind2=" ">
    <subfield code="a">Porto Alegre, Brasil : </subfield>
    <subfield code="b">UNESCO, </subfield>
    <subfield code="c">2003</subfield>
  </datafield>
  <datafield ind2=" " tag="300" ind1=" ">
    <subfield code="a">30 páginas</subfield>
  </datafield>
  <datafield tag="500" ind2=" " ind1=" ">
    <subfield code="a">Adoptada por la 31° sesión de la Conferencia General de la UNESCO París, 2 Noviembre del 2001</subfield>
  </datafield>
  <datafield ind1="1" ind2="4" tag="650">
    <subfield code="a">CULTURA </subfield>
    <subfield code="9">378</subfield>
  </datafield>
  <datafield ind1=" " ind2=" " tag="942">
    <subfield code="2">z</subfield>
    <subfield code="c">01</subfield>
  </datafield>
</record>